<record><leader>00000cas a22000007a 4500</leader><controlfield tag="001">20807713</controlfield><controlfield tag="008">891220d19021908nhuwr ne      0    0eng d</controlfield><datafield ind1=" " ind2=" " tag="010"><subfield code="a">sn 89068012 </subfield></datafield><datafield ind1=" " ind2=" " tag="040"><subfield code="a">NVH</subfield><subfield code="b">eng</subfield><subfield code="c">NVH</subfield><subfield code="d">OCLCQ</subfield></datafield><datafield ind1=" " ind2=" " tag="042"><subfield code="a">msc</subfield></datafield><datafield ind1="0" ind2=" " tag="130"><subfield code="a">Berlin independent (Berlin, N.H. : 1902)</subfield></datafield><datafield ind1="1" ind2="4" tag="245"><subfield code="a">The Berlin independent.</subfield></datafield><datafield ind1=" " ind2=" " tag="260"><subfield code="a">Berlin, N.H. :</subfield><subfield code="b">Independent Press</subfield></datafield><datafield ind1=" " ind2=" " tag="300"><subfield code="a">v.</subfield></datafield><datafield ind1=" " ind2=" " tag="310"><subfield code="a">Weekly,</subfield><subfield code="b">Oct. 3, 1902-Sept. 23, 1908</subfield></datafield><datafield ind1=" " ind2=" " tag="321"><subfield code="a">Weekly,</subfield><subfield code="b">Apr. 30-May 28, 1902</subfield></datafield><datafield ind1=" " ind2=" " tag="321"><subfield code="a">Semiweekly,</subfield><subfield code="b">June 3, 1902-Sept. 30, 1902</subfield></datafield><datafield ind1="0" ind2=" " tag="362"><subfield code="a">Apr. 30, 1902-Sept. 23, 1908.</subfield></datafield><datafield ind1=" " ind2=" " tag="752"><subfield code="a">United States</subfield><subfield code="b">New Hampshire</subfield><subfield code="c">Coos</subfield><subfield code="d">Berlin.</subfield></datafield><datafield ind1="0" ind2="0" tag="780"><subfield code="t">Independent (Berlin, N.H.)</subfield><subfield code="w">(DLC)sn 89068010</subfield></datafield></record>